<record><leader>00000cas a2200000 a 4500</leader><controlfield tag="001">503463214</controlfield><controlfield tag="008">100204d19301930caucr ne      0    0eng c</controlfield><datafield ind1=" " ind2=" " tag="010"><subfield code="a">sn2010271054</subfield></datafield><datafield ind1=" " ind2=" " tag="040"><subfield code="a">CNK</subfield><subfield code="b">eng</subfield><subfield code="c">CNK</subfield><subfield code="d">OCLCQ</subfield><subfield code="d">OCLCF</subfield><subfield code="d">OCLCO</subfield></datafield><datafield ind1=" " ind2=" " tag="042"><subfield code="a">pcc</subfield></datafield><datafield ind1=" " ind2=" " tag="043"><subfield code="a">n-us-ca</subfield></datafield><datafield ind1="0" ind2="0" tag="245"><subfield code="a">Santa Paula weekly and semi-weekly review.</subfield></datafield><datafield ind1="3" ind2=" " tag="246"><subfield code="a">Santa Paula weekly and semiweekly review</subfield></datafield><datafield ind1="1" ind2="3" tag="246"><subfield code="a">Santa Paula review</subfield></datafield><datafield ind1=" " ind2=" " tag="260"><subfield code="a">Santa Paula, Cal. :</subfield><subfield code="b">B. de Hoyos</subfield></datafield><datafield ind1=" " ind2=" " tag="300"><subfield code="a">v.</subfield></datafield><datafield ind1=" " ind2=" " tag="310"><subfield code="a">Semiweekly</subfield></datafield><datafield ind1="0" ind2=" " tag="362"><subfield code="a">Vol. 1, no. 1 (Dec. 2, 1930)-v.1, no. 6 (Dec. 19, 1930).</subfield></datafield><datafield ind1=" " ind2=" " tag="500"><subfield code="a">"Weekly and Semi-Weekly" appears in smaller type below masthead ornament between "Santa Paula" and "Review."</subfield></datafield><datafield ind1=" " ind2=" " tag="515"><subfield code="a">Issues for Dec. 5-19, 1930 also carry vol. and number designation of previous title: v. 5, no. 9 (Dec. 5, 1930)-v. 5, no. 11 (Dec. 19, 1930).</subfield></datafield><datafield ind1=" " ind2=" " tag="530"><subfield code="a">Master negatives are available for duplication from:</subfield><subfield code="b">California Newspaper Microfilm Archive;</subfield><subfield code="c">positive copies may be purchased by the reel; for further information consult the CNMA at:</subfield><subfield code="u">http://cbsr.ucr.edu</subfield></datafield><datafield ind1=" " ind2="0" tag="651"><subfield code="a">Santa Paula (Calif.)</subfield><subfield code="v">Newspapers.</subfield></datafield><datafield ind1=" " ind2="7" tag="655"><subfield code="a">Newspapers.</subfield><subfield code="2">fast</subfield><subfield code="0">(OCoLC)fst01423814</subfield></datafield><datafield ind1=" " ind2="7" tag="651"><subfield code="a">California</subfield><subfield code="z">Santa Paula.</subfield><subfield code="2">fast</subfield><subfield code="0">(OCoLC)fst01213975</subfield></datafield><datafield ind1=" " ind2=" " tag="752"><subfield code="a">United States</subfield><subfield code="b">California</subfield><subfield code="c">Ventura</subfield><subfield code="d">Santa Paula.</subfield></datafield><datafield ind1="0" ind2=" " tag="775"><subfield code="t">Santa Paula daily review</subfield><subfield code="w">(DLC)sn2004061214</subfield></datafield><datafield ind1="0" ind2="0" tag="780"><subfield code="t">Santa Paula weekly review</subfield><subfield code="w">(DLC)sn 94051109</subfield></datafield><datafield ind1="0" ind2="0" tag="785"><subfield code="t">Santa Paula review</subfield><subfield code="w">(DLC)sn2004061213</subfield></datafield></record>